%%%%%%%%%%%%%%% ARTIGO PUBLICADO CEC2014 %%%%%%%%%%%%%%%%%
@Book{Silva:2014,
author = { Silva, Edjalma Queiroz and Camilo-Junior, Celso Goncalves and Pascoal, Luiz Mario Lustosa and Rosa, Thierson Couto},
title ={ An evolutionary approach for combining results of Recommender Systems techniques based on Collaborative Filtering},
year ={ 2014 },
publisher = {IEEE Congress on Evolutionary Computation},
journal = { IEEE CEC 2014 }
}
%%%%%%%%%%%%%%%%Arquitetura de SW%%%%%%%%%%%%%%%%%%%%%%%
@Book{Silveira:2011,
author = {Sergio Lopes ; Paulo Silveira ; Guilherme Silveira},
title = {Introdução à Arquitetura e Design de Software - Uma Visão Sobre a Plataforma Java},
publisher = {ELSEVIER - CAMPUS},
address = {São Paulo},
year = {2011}
}
%%%%%%%%%%%%%%%%Arquitetura de Software%%%%%%%%%%%%%%%%%%%%%%%
@Book{Pressman:2011,
author = {Roger S. Pressman},
title = {Engenharia de Software - Uma Abordagem Profissional},
publisher = {Bookman},
address = {São Paulo},
year = {2011}
}

%%%%%%%%%%%%%%%%Gestão de Projetos%%%%%%%%%%%%%%%%%%%%%%%
@Book{Heldman:2011,
author = {Kim Heldman},
title = {Gerência de Projetos guia para o exame oficial do PMI},
publisher = {Elsevier},
address = {Rio de Janeiro},
year = {2006}
}

%%%%%%%%%%%%%%%%Engenharia de Software%%%%%%%%%%%%%%%%%%%%%%%
@book{Sommerville:2008,
author = {Sommerville, I.},
title = {Engenharia de software},
publisher = {Pearson Prentice Hall},
year = {2008}
}

@Book{Pressman:2010,
author = {Roger S. Pressman},
title = {Engenharia de Software},
publisher = {AMGH},
year = {2010}
}

@article{Hofmann:2004,
 author = {Hofmann, Thomas},
 title = {Latent Semantic Models for Collaborative Filtering},
 journal = {ACM Trans. Inf. Syst.},
 issue_date = {January 2004},
 volume = {22},
 number = {1},
 month = jan,
 year = {2004},
 issn = {1046-8188},
 pages = {89--115},
 numpages = {27},
 url = {http://doi.acm.org/10.1145/963770.963774},
 doi = {10.1145/963770.963774},
 acmid = {963774},
 publisher = {ACM},
 address = {New York, NY, USA},
} 